@techreport{cub,
	Title = {Caltech-UCSD Birds-200-2011 (CUB-200-2011)},
	Author = {Wah, C. and Branson, S. and Welinder, P. and Perona, P. and Belongie, S.},
	Year = {2011},
	Institution = {California Institute of Technology},
	Number = {CNS-TR-2011-001},
	url={https://www.vision.caltech.edu/datasets/cub_200_2011/}
}

@online{code,
	title = {Transfer Learning with Convolutional Neural Networks in PyTorch},
	author = {Will Koehrsen},
	year = {2018},
	url = {https://towardsdatascience.com/transfer-learning-with-convolutional-neural-networks-in-pytorch-dd09190245ce}
}

@online{paper,
	title={Stripformer: Strip Transformer for Fast Image Deblurring}, 
	author={Fu-Jen Tsai, Yan-Tsung Peng, Yen-Yu Lin, Chung-Chi Tsai, and Chia-Wen Lin},
	year={2022},
	url={https://arxiv.org/abs/2204.04627}
}